<record><leader>02427cam a2200469 a 4500</leader><controlfield tag="001">6710007</controlfield><controlfield tag="003">OCoLC</controlfield><controlfield tag="005">20141009051749.5</controlfield><controlfield tag="006">m     o  d        </controlfield><controlfield tag="007">cr cnu---unuuu</controlfield><controlfield tag="008">140927s2015    enk     ob    001 0 eng d</controlfield><datafield ind1=" " ind2=" " tag="020"><subfield code="a">9781136277788</subfield><subfield code="q">electronic bk.</subfield></datafield><datafield ind1=" " ind2=" " tag="020"><subfield code="a">1136277781</subfield><subfield code="q">electronic bk.</subfield></datafield><datafield ind1=" " ind2=" " tag="020"><subfield code="z">9781136277788</subfield></datafield><datafield ind1=" " ind2=" " tag="020"><subfield code="z">1136277781</subfield></datafield><datafield ind1=" " ind2=" " tag="035"><subfield code="a">ocn891447201</subfield></datafield><datafield ind1=" " ind2=" " tag="037"><subfield code="a">849960</subfield><subfield code="b">EBSCO</subfield></datafield><datafield ind1=" " ind2=" " tag="039"><subfield code="a">exclude</subfield></datafield><datafield ind1=" " ind2=" " tag="040"><subfield code="a">CaONFJC</subfield><subfield code="c">CaONFJC</subfield><subfield code="e">rda</subfield><subfield code="d">AEU</subfield></datafield><datafield ind1=" " ind2="4" tag="050"><subfield code="a">LB1532</subfield><subfield code="b">.M35 2015eb</subfield></datafield><datafield ind1="0" ind2="4" tag="082"><subfield code="a">372.35/044</subfield><subfield code="2">23</subfield></datafield><datafield ind1=" " ind2=" " tag="090"><subfield code="a">Internet Access</subfield><subfield code="b">AEU</subfield></datafield><datafield ind1="1" ind2=" " tag="100"><subfield code="a">McGregor, Debra.</subfield></datafield><datafield ind1="1" ind2="0" tag="245"><subfield code="a">Dramatic science :</subfield><subfield code="b">inspired ideas for teaching science using drama, ages 5-11 /</subfield><subfield code="c">Debra McGregor and Wendy Precious.</subfield></datafield><datafield ind1="3" ind2=" " tag="246"><subfield code="a">Inspired ideas for teaching science using drama, ages five to eleven</subfield></datafield><datafield ind1=" " ind2="1" tag="264"><subfield code="a">Abingdon, Oxon ;</subfield><subfield code="a">New York :</subfield><subfield code="b">Routledge,</subfield><subfield code="c">2015.</subfield></datafield><datafield ind1=" " ind2=" " tag="300"><subfield code="a">1 online resource.</subfield></datafield><datafield ind1=" " ind2=" " tag="336"><subfield code="a">text</subfield><subfield code="b">txt</subfield><subfield code="2">rdacontent</subfield></datafield><datafield ind1=" " ind2=" " tag="337"><subfield code="a">computer</subfield><subfield code="b">c</subfield><subfield code="2">rdamedia</subfield></datafield><datafield ind1=" " ind2=" " tag="338"><subfield code="a">online resource</subfield><subfield code="b">cr</subfield><subfield code="2">rdacarrier</subfield></datafield><datafield ind1=" " ind2=" " tag="504"><subfield code="a">Includes bibliographical references and index.</subfield></datafield><datafield ind1=" " ind2=" " tag="506"><subfield code="a">Access restricted to authorized users and institutions.</subfield></datafield><datafield ind1=" " ind2=" " tag="520"><subfield code="a">Dramatic Science is an invaluable tool for any teachers and primary science leaders who have classes of 5 - 10 year olds. It provides the busy professional with a range of tried and tested techniques to use drama as a support and aid to the teaching of science to young children. The techniques within this book offer innovative and creative strategies for teaching a challenging area of the curriculum and broadening teachers' own scientific knowledge and understanding.All the strategies in this book have been shown to work effectively in a range of primary schools. The approaches described offer.</subfield></datafield><datafield ind1="0" ind2=" " tag="588"><subfield code="a">Print version record.</subfield></datafield><datafield ind1=" " ind2=" " tag="596"><subfield code="a">44</subfield></datafield><datafield ind1=" " ind2="0" tag="650"><subfield code="a">Science</subfield><subfield code="x">Study and teaching (Primary)</subfield><subfield code="x">Activity programs.</subfield></datafield><datafield ind1=" " ind2="0" tag="650"><subfield code="a">Drama in education</subfield><subfield code="x">Study and teaching (Primary)</subfield><subfield code="x">Activity programs.</subfield></datafield><datafield ind1="1" ind2=" " tag="700"><subfield code="a">Precious, Wendy.</subfield></datafield><datafield ind1="4" ind2="0" tag="856"><subfield code="3">University of Alberta Access</subfield><subfield code="u">http://search.ebscohost.com/login.aspx?direct=true&amp;scope=site&amp;db=nlebk&amp;db=nlabk&amp;AN=849960</subfield><subfield code="x">Perpetual</subfield><subfield code="z">(3 Concurrent Users)</subfield><subfield code="z">from EBSCO</subfield></datafield><datafield ind1=" " ind2=" " tag="949"><subfield code="w">ORDER</subfield><subfield code="h">UAIN</subfield><subfield code="z">PDACOUTTS</subfield></datafield><datafield ind1=" " ind2=" " tag="919"><subfield code="a">cis29807703</subfield></datafield><datafield ind1=" " ind2=" " tag="926"><subfield code="a">Internet Access</subfield><subfield code="w">LC</subfield><subfield code="c">1</subfield><subfield code="i">6710007-1001</subfield><subfield code="l">INTERNET</subfield><subfield code="m">UAINTERNET</subfield><subfield code="r">Y</subfield><subfield code="s">Y</subfield><subfield code="t">E-RESOURCE</subfield><subfield code="u">10/20/2014</subfield><subfield code="x">E-BOOK</subfield><subfield code="z">PDAOWNED</subfield></datafield></record>